<?xml version="1.0" encoding="UTF-8"?><collection xmlns="http://www.loc.gov/MARC21/slim"><record><leader>00323nam--2200109-i-4500</leader><controlfield tag="001">000007736</controlfield><controlfield tag="002">20161230</controlfield><controlfield tag="005">20161230201027</controlfield><controlfield tag="008">060222s1000------------r-----000-0-eng-d</controlfield><datafield ind1=" " ind2=" " tag="245"><subfield code="a">Annuario nucleare italiano. 1964-1965.sotto gly auspici del forum italiano dell`energia nucleare</subfield></datafield><datafield ind1=" " ind2=" " tag="260"><subfield code="a">Roma, Eian, F.An 358 P</subfield></datafield><datafield ind1=" " ind2=" " tag="852"><subfield code="a">24293</subfield></datafield></record></collection>